%% This BibTeX bibliography file was created using BibDesk.
%% https://bibdesk.sourceforge.io/

%% Created for kafka at 2022-10-27 23:23:09 -0700 


%% Saved with string encoding Unicode (UTF-8) 

@book {Hart,
    AUTHOR = {Hartshorne, Robin},
     TITLE = {Algebraic geometry},
      NOTE = {Graduate Texts in Mathematics, No. 52},
 PUBLISHER = {Springer-Verlag},
   ADDRESS = {New York},
      YEAR = {1977},
     PAGES = {xvi+496},
      ISBN = {0-387-90244-9},
   MRCLASS = {14-01},
  MRNUMBER = {0463157 (57 \#3116)},
MRREVIEWER = {Robert Speiser},
  BOEKCODE = {14-xx},
}

@misc{Stacks,
	author = {The {Stacks Project Authors}},
	howpublished = {\url{https://stacks.math.columbia.edu}},
	shorthand = {Stacks},
	title = {\textit{Stacks Project}},
	year = {2018}}

@misc{milneLEC,
	author = {Milne, James S.},
	note = {Available at www.jmilne.org/math/},
	pages = {202},
	title = {Lectures on Etale Cohomology (v2.21)},
	year = {2013}}
